%% This BibTeX bibliography file was created using BibDesk.
%% http://bibdesk.sourceforge.net/


%% Created for Matteo Riondato at 2014-03-25 08:50:43 -0400 


%% Saved with string encoding Unicode (UTF-8) 



@inproceedings{AhnGMG12,
	Acmid = {2213560},
	Address = {New York, NY, USA},
	Author = {Ahn, Kook Jin and Guha, Sudipto and McGregor, Andrew},
	Booktitle = {Proceedings of the 31st symposium on Principles of Database Systems},
	Date-Added = {2013-03-04 10:52:33 -0500},
	Date-Modified = {2014-03-25 08:38:46 -0400},
	Doi = {10.1145/2213556.2213560},
	Isbn = {978-1-4503-1248-6},
	Keywords = {data streams, graph sketching, spanners, sparsification, subgraphs},
	Location = {Scottsdale, Arizona, USA},
	Numpages = {10},
	Pages = {5--14},
	Publisher = {ACM},
	Series = {PODS '12},
	Title = {Graph sketches: sparsification, spanners, and subgraphs},
	Year = {2012},
	Bdsk-Url-1 = {http://doi.acm.org/10.1145/2213556.2213560},
	Bdsk-Url-2 = {http://dx.doi.org/10.1145/2213556.2213560}}

@phdthesis{AlHasan09Thesis,
	Author = {Al Hasan, Mohammad},
	Date-Added = {2013-03-04 10:52:33 -0500},
	Date-Modified = {2013-03-04 10:52:33 -0500},
	School = {Rensselaer Polytechnic Institute},
	Title = {Mining interesting subgraphs by output space sampling},
	Year = {2009}}

@article{AlHasanZ09,
	Acmid = {1687710},
	Author = {Al Hasan, Mohammad and Zaki, Mohammed J.},
	Date-Added = {2013-03-04 10:52:33 -0500},
	Date-Modified = {2014-03-25 08:38:58 -0400},
	Issn = {2150-8097},
	Issue_Date = {August 2009},
	Journal = {Proc. VLDB Endow.},
	Month = aug,
	Number = {1},
	Numpages = {12},
	Pages = {730--741},
	Publisher = {VLDB Endowment},
	Title = {Output space sampling for graph patterns},
	Volume = {2},
	Year = {2009},
	Bdsk-Url-1 = {http://dl.acm.org/citation.cfm?id=1687627.1687710}}

@inproceedings{BordinoDGL08,
	Author = {Bordino, I. and Donato, D. and Gionis, A. and Leonardi, S.},
	Booktitle = {Eighth IEEE International Conference on Data Mining},
	Date-Added = {2013-03-04 10:52:33 -0500},
	Date-Modified = {2014-03-25 08:39:33 -0400},
	Doi = {10.1109/ICDM.2008.109},
	Issn = {1550-4786},
	Keywords = {biological database indexing;complex network;data representation;data-stream algorithm;directed network;frequent pattern mining;graph clustering;graphical database indexing;social network;subgraph counting;swap randomization;undirected network;data mining;data structures;directed graphs;network theory (graphs);pattern clustering;},
	Month = {dec},
	Pages = {737--742},
	Series = {ICDM '08},
	Title = {Mining Large Networks with Subgraph Counting},
	Year = {2008},
	Bdsk-Url-1 = {http://dx.doi.org/10.1109/ICDM.2008.109}}

@article{DBLP:journals/corr/abs-0904-3761,
	Author = {Tsourakakis, Charalampos E. and Kolountzakis, Mihail N. and Miller, Gary L.},
	Bibsource = {DBLP, http://dblp.uni-trier.de},
	Date-Added = {2013-03-04 10:52:33 -0500},
	Date-Modified = {2013-03-04 10:52:33 -0500},
	Ee = {http://arxiv.org/abs/0904.3761},
	Journal = {CoRR},
	Title = {Approximate Triangle Counting},
	Volume = {abs/0904.3761},
	Year = {2009}}

@article{DBLP:journals/jgaa/TsourakakisKM11,
	Author = {Tsourakakis, Charalampos E. and Kolountzakis, Mihail N. and Miller, Gary L.},
	Bibsource = {DBLP, http://dblp.uni-trier.de},
	Date-Added = {2013-03-04 10:52:33 -0500},
	Date-Modified = {2014-03-25 08:40:05 -0400},
	Doi = {10.7155/jgaa.00245},
	Journal = {J. Graph Algorithms Appl.},
	Number = {6},
	Pages = {703--726},
	Title = {Triangle Sparsifiers},
	Volume = {15},
	Year = {2011}}

@article{DBLP:journals/jmlr/ShervashidzeVPMB09,
	Author = {Shervashidze, Nino and Vishwanathan, S. V. N. and Petri, Tobias and Mehlhorn, Kurt and Borgwardt, Karsten M.},
	Bibsource = {DBLP, http://dblp.uni-trier.de},
	Date-Added = {2013-03-04 10:52:33 -0500},
	Date-Modified = {2014-03-25 08:41:22 -0400},
	Journal = {Journal of Machine Learning Research - Proceedings Track},
	Pages = {488--495},
	Title = {Efficient graphlet kernels for large graph comparison},
	Volume = {5},
	Year = {2009}}

@inproceedings{FiedlerB07,
	Author = {Fiedler, Mathias and Borgelt, Christian},
	Bibsource = {DBLP, http://dblp.uni-trier.de},
	Booktitle = {MLG},
	Crossref = {DBLP:conf/mlg/2007},
	Date-Added = {2013-03-04 10:52:33 -0500},
	Date-Modified = {2014-03-25 08:41:33 -0400},
	Title = {Support Computation for Mining Frequent Subgraphs in a Single Graph},
	Year = {2007}}

@inproceedings{JensenN01,
	Author = {Jensen, David and Neville, Jennifer},
	Booktitle = {Proceedings of the 33rd Symposium on the Interface of Computing Science and Statistics},
	Date-Added = {2013-03-04 10:52:33 -0500},
	Date-Modified = {2013-03-04 10:52:33 -0500},
	Title = {Correlation and Sampling in Relational Data Mining},
	Year = {2001}}

@article{JiangXWT09,
	Author = {Jiang, Xing and Xiong, Hui and Wang, Chen and Tan, Ah-Hwee},
	Date-Added = {2013-03-04 10:52:33 -0500},
	Date-Modified = {2014-03-25 08:41:56 -0400},
	Doi = {10.1016/j.datak.2009.04.008},
	Issn = {0169-023X},
	Journal = {Data \& Knowledge Engineering},
	Keywords = {G-Pattern},
	Number = {10},
	Pages = {1034--1058},
	Title = {Mining globally distributed frequent subgraphs in a single labeled graph},
	Volume = {68},
	Year = {2009},
	Bdsk-Url-1 = {http://www.sciencedirect.com/science/article/pii/S0169023X09000585},
	Bdsk-Url-2 = {http://dx.doi.org/10.1016/j.datak.2009.04.008}}

@incollection{KaneMSS12,
	Author = {Kane, Daniel M. and Mehlhorn, Kurt and Sauerwald, Thomas and Sun, He},
	Booktitle = {Automata, Languages, and Programming},
	Date-Added = {2013-03-04 10:52:33 -0500},
	Date-Modified = {2014-03-25 08:42:04 -0400},
	Doi = {10.1007/978-3-642-31585-5_53},
	Editor = {Czumaj, Artur and Mehlhorn, Kurt and Pitts, Andrew and Wattenhofer, Roger},
	Isbn = {978-3-642-31584-8},
	Keywords = {data streams; subgraph counting; network analysis},
	Pages = {598--609},
	Publisher = {Springer Berlin Heidelberg},
	Series = {Lecture Notes in Computer Science},
	Title = {Counting Arbitrary Subgraphs in Data Streams},
	Volume = {7392},
	Year = {2012},
	Bdsk-Url-1 = {http://dx.doi.org/10.1007/978-3-642-31585-5_53}}

@article{KashtanIMA04,
	Acmid = {1092990},
	Address = {Oxford, UK},
	Author = {Kashtan, N. and Itzkovitz, S. and Milo, R. and Alon, U.},
	Date-Added = {2013-03-04 10:52:33 -0500},
	Date-Modified = {2014-03-25 08:42:14 -0400},
	Doi = {10.1093/bioinformatics/bth163},
	Issn = {1367-4803},
	Issue_Date = {July 2004},
	Journal = {Bioinformatics},
	Keywords = {confocal microscope, gustatory system, immunohistochemistry, neuropeptides, tongue},
	Month = jul,
	Number = {11},
	Numpages = {13},
	Pages = {1746--1758},
	Publisher = {Oxford University Press},
	Title = {Efficient sampling algorithm for estimating subgraph concentrations and detecting network motifs},
	Volume = {20},
	Year = {2004},
	Bdsk-Url-1 = {http://dx.doi.org/10.1093/bioinformatics/bth163}}

@article{KolountzakisMPT12,
	Author = {Kolountzakis, Mihail N. and Miller, Gary L. and Peng, Richard and Tsourakakis, Charalampos E.},
	Date-Added = {2013-03-04 10:52:33 -0500},
	Date-Modified = {2014-03-25 08:42:24 -0400},
	Doi = {10.1080/15427951.2012.625260},
	Journal = {Internet Mathematics},
	Number = {1-2},
	Pages = {161--185},
	Title = {Efficient Triangle Counting in Large Graphs via Degree-Based Vertex Partitioning},
	Volume = {8},
	Year = {2012},
	Bdsk-Url-1 = {http://www.tandfonline.com/doi/abs/10.1080/15427951.2012.625260},
	Bdsk-Url-2 = {http://dx.doi.org/10.1080/15427951.2012.625260}}

@inproceedings{LeeXE12,
	Acmid = {2254795},
	Address = {New York, NY, USA},
	Author = {Lee, Chul-Ho and Xu, Xin and Do Young, Eun},
	Booktitle = {Proceedings of the 12th ACM SIGMETRICS/PERFORMANCE joint international conference on Measurement and Modeling of Computer Systems},
	Date-Added = {2013-03-04 10:52:33 -0500},
	Date-Modified = {2014-03-25 08:42:54 -0400},
	Doi = {10.1145/2254756.2254795},
	Isbn = {978-1-4503-1097-0},
	Keywords = {asymptotic variance, non-reversible markov chains, random walks, unbiased graph sampling},
	Location = {London, England, UK},
	Numpages = {12},
	Pages = {319--330},
	Publisher = {ACM},
	Series = {SIGMETRICS '12},
	Title = {Beyond random walk and {M}etropolis-{H}astings samplers: why you should not backtrack for unbiased graph samplingastings samplers: why you should not backtrack for unbiased graph sampling},
	Year = {2012},
	Bdsk-Url-1 = {http://doi.acm.org/10.1145/2254756.2254795},
	Bdsk-Url-2 = {http://dx.doi.org/10.1145/2254756.2254795}}

@inproceedings{LeskovecF06,
	Acmid = {1150479},
	Address = {New York, NY, USA},
	Author = {Leskovec, Jure and Faloutsos, Christos},
	Booktitle = {Proceedings of the 12th ACM SIGKDD international conference on Knowledge discovery and data mining},
	Date-Added = {2013-03-04 10:52:33 -0500},
	Date-Modified = {2014-03-25 08:43:02 -0400},
	Doi = {10.1145/1150402.1150479},
	Isbn = {1-59593-339-5},
	Keywords = {graph mining, graph sampling, scaling laws},
	Location = {Philadelphia, PA, USA},
	Numpages = {6},
	Pages = {631--636},
	Publisher = {ACM},
	Series = {KDD '06},
	Title = {Sampling from large graphs},
	Year = {2006},
	Bdsk-Url-1 = {http://doi.acm.org/10.1145/1150402.1150479},
	Bdsk-Url-2 = {http://dx.doi.org/10.1145/1150402.1150479}}

@article{StumpfWM05,
	Author = {Stumpf, Michael {P. H.} and Wiuf, Carsten and May, Robert M},
	Date-Added = {2013-03-04 10:52:33 -0500},
	Date-Modified = {2014-03-25 08:44:25 -0400},
	Journal = {Proceedings of the National Academy of Sciences of the United States of America},
	Number = {12},
	Pages = {4221--4224},
	Publisher = {National Academy of Sciences},
	Title = {Subnets of scale-free networks are not scale-free: sampling properties of networks.},
	Volume = {102},
	Year = {2005},
	Bdsk-Url-1 = {http://www.pubmedcentral.nih.gov/articlerender.fcgi?artid=555505&tool=pmcentrez&rendertype=abstract}}

@article{ThomaA10,
	Author = {Thoma, Marisa and Cheng, Hong and Gretton, Arthur and Han, Jiawei and Kriegel, Hans-Peter and Smola, Alex and Song, Le and Yu, Philip S. and Yan, Xifeng and Borgwardt, Karsten M.},
	Date-Added = {2013-03-04 10:52:33 -0500},
	Date-Modified = {2014-03-25 08:44:43 -0400},
	Doi = {10.1002/sam.10084},
	Issn = {1932-1872},
	Journal = {Statistical Analysis and Data Mining},
	Keywords = {graph mining, frequent subgraphs, submodularity, feature selection, nested selection},
	Number = {5},
	Pages = {302--318},
	Publisher = {Wiley },
	Title = {Discriminative frequent subgraph mining with optimality guarantees},
	Volume = {3},
	Year = {2010},
	Bdsk-Url-1 = {http://dx.doi.org/10.1002/sam.10084}}

@inproceedings{ThomaCGHKSSYYB09,
	Author = {Thoma, Marisa and Cheng, Hong and Gretton, Arthur and Han, Jiawei and Kriegel, Hans-Peter and Smola, Alexander J. and Song, Le and Yu, Philip S. and Yan, Xifeng and Borgwardt, Karsten M.},
	Bibsource = {DBLP, http://dblp.uni-trier.de},
	Booktitle = {SDM},
	Crossref = {DBLP:conf/sdm/2009},
	Date-Added = {2013-03-04 10:52:33 -0500},
	Date-Modified = {2014-03-25 08:44:48 -0400},
	Ee = {http://www.siam.org/proceedings/datamining/2009/dm09_099_thomam.pdf},
	Pages = {1075--1086},
	Title = {Near-optimal Supervised Feature Selection among Frequent Subgraphs},
	Year = {2009}}

@article{VishwanathanSKB10,
	Acmid = {1859891},
	Author = {Vishwanathan, S. V. N. and Schraudolph, Nicol N. and Kondor, Risi and Borgwardt, Karsten M.},
	Date-Added = {2013-03-04 10:52:33 -0500},
	Date-Modified = {2014-03-25 08:45:00 -0400},
	Issn = {1532-4435},
	Issue_Date = {3/1/2010},
	Journal = {J. Mach. Learn. Res.},
	Month = aug,
	Numpages = {42},
	Pages = {1201--1242},
	Publisher = {JMLR.org},
	Title = {Graph Kernels},
	Volume = {11},
	Year = {2010},
	Bdsk-Url-1 = {http://dl.acm.org/citation.cfm?id=1756006.1859891}}

@techreport{WeissmanOSVW03,
	Author = {Weissman, Tsachy and Ordentlich, Erik and Seroussi, Gadiel and Verdu, Sergio and Weinberger, Marcelo J.},
	Date-Added = {2013-03-04 10:52:33 -0500},
	Date-Modified = {2013-03-04 10:52:33 -0500},
	Institution = {HP Laboratories Palo Alto},
	Month = {Jun},
	Number = {HPL-2003-97 (R.1)},
	Title = {Inequalities for the {$L_1$} Deviation of the Empirical Distribution},
	Year = {2003}}

@inproceedings{ZouH10,
	Acmid = {1830274},
	Address = {New York, NY, USA},
	Author = {Zou, Ruoyu and Holder, Lawrence B.},
	Booktitle = {Proceedings of the Eighth Workshop on Mining and Learning with Graphs},
	Date-Added = {2013-03-04 10:52:33 -0500},
	Date-Modified = {2014-03-25 08:50:43 -0400},
	Doi = {10.1145/1830252.1830274},
	Isbn = {978-1-4503-0214-2},
	Keywords = {graph mining, large graph, sampling},
	Location = {Washington, D.C.},
	Numpages = {8},
	Pages = {171--178},
	Publisher = {ACM},
	Series = {MLG '10},
	Title = {Frequent subgraph mining on a single large graph using sampling techniques},
	Year = {2010},
	Bdsk-Url-1 = {http://doi.acm.org/10.1145/1830252.1830274},
	Bdsk-Url-2 = {http://dx.doi.org/10.1145/1830252.1830274}}

@article{Wernicke06,
	Author = {Wernicke, Sebastian},
	Date-Added = {2013-03-04 10:46:34 -0500},
	Date-Modified = {2014-03-25 08:50:29 -0400},
	Doi = {10.1109/TCBB.2006.51},
	Issn = {1545-5963},
	Journal = {IEEE/ACM Transactions on Computational Biology and Bioinformatics},
	Keywords = {Algorithm design and analysis;Bioinformatics;Complex networks;Computer networks;Displays;Frequency estimation;Pattern analysis;Proteins;Sampling methods;Transfer functions;biology computing;graphs;sampling methods;network motif detection;random networks;sampling algorithm;structural design principles;subgraphs;Network motif detection algorithm;subgraph concentration in random graphs.;subgraph enumeration;subgraph sampling;Algorithms;Computer Simulation;Models, Biological;Pattern Recognition, Automated;Protein Interaction Mapping;Proteome;Signal Transduction;},
	Month = {oct.-dec.},
	Number = {4},
	Pages = {347--359},
	Title = {Efficient Detection of Network Motifs},
	Volume = {3},
	Year = {2006},
	Bdsk-Url-1 = {http://dx.doi.org/10.1109/TCBB.2006.51}}

@incollection{LuB12,
	Author = {Lu, Xuesong and Bressan, St{\'e}phane},
	Booktitle = {Scientific and Statistical Database Management},
	Date-Added = {2013-03-04 10:45:00 -0500},
	Date-Modified = {2014-03-25 08:43:41 -0400},
	Doi = {10.1007/978-3-642-31235-9_13},
	Editor = {Ailamaki, Anastasia and Bowers, Shawn},
	Isbn = {978-3-642-31234-2},
	Pages = {195--212},
	Publisher = {Springer Berlin Heidelberg},
	Series = {Lecture Notes in Computer Science},
	Title = {Sampling Connected Induced Subgraphs Uniformly at Random},
	Volume = {7338},
	Year = {2012},
	Bdsk-Url-1 = {http://dx.doi.org/10.1007/978-3-642-31235-9_13}}

@article{BaskervilleP06,
	Author = {Baskerville, Kim and Paczuski, Maya},
	Date-Added = {2013-03-04 10:43:48 -0500},
	Date-Modified = {2014-03-25 08:39:05 -0400},
	Doi = {10.1103/PhysRevE.74.051903},
	Issue = {5},
	Journal = {Phys. Rev. E},
	Month = {Nov},
	Numpages = {11},
	Pages = {051903},
	Publisher = {American Physical Society},
	Title = {Subgraph ensembles and motif discovery using an alternative heuristic for graph isomorphism},
	Volume = {74},
	Year = {2006},
	Bdsk-Url-1 = {http://link.aps.org/doi/10.1103/PhysRevE.74.051903},
	Bdsk-Url-2 = {http://dx.doi.org/10.1103/PhysRevE.74.051903}}

@incollection{GrochowK07,
	Author = {Grochow, Joshua A. and Kellis, Manolis},
	Booktitle = {Research in Computational Molecular Biology},
	Date-Added = {2013-03-04 10:43:10 -0500},
	Date-Modified = {2014-03-25 08:41:46 -0400},
	Doi = {10.1007/978-3-540-71681-5_7},
	Editor = {Speed, Terry and Huang, Haiyan},
	Isbn = {978-3-540-71680-8},
	Pages = {92--106},
	Publisher = {Springer Berlin Heidelberg},
	Series = {Lecture Notes in Computer Science},
	Title = {Network Motif Discovery Using Subgraph Enumeration and Symmetry-Breaking},
	Volume = {4453},
	Year = {2007},
	Bdsk-Url-1 = {http://dx.doi.org/10.1007/978-3-540-71681-5_7}}

@article{OmidiSMN09,
	Author = {Omidi, Saeed and Schreiber, Falk and Masoudi-Nejad, Ali},
	Date-Added = {2013-03-04 10:42:15 -0500},
	Date-Modified = {2013-03-04 22:32:25 -0500},
	Journal = {Genes {\&} Genetic Systems},
	Number = {5},
	Pages = {385--395},
	Title = {{MODA}: An efficient algorithm for network motif discovery in biological networks},
	Volume = {84},
	Year = {2009}}

@incollection{RibeiroS10,
	Author = {Ribeiro, Pedro and Silva, Fernando},
	Booktitle = {Algorithms in Bioinformatics},
	Date-Added = {2013-03-04 10:40:53 -0500},
	Date-Modified = {2014-03-25 08:43:59 -0400},
	Doi = {10.1007/978-3-642-15294-8_20},
	Editor = {Moulton, Vincent and Singh, Mona},
	Isbn = {978-3-642-15293-1},
	Keywords = {complex networks; network motifs; subgraph frequency; sampling; g-tries},
	Pages = {238--249},
	Publisher = {Springer Berlin Heidelberg},
	Series = {Lecture Notes in Computer Science},
	Title = {Efficient Subgraph Frequency Estimation with G-Tries},
	Volume = {6293},
	Year = {2010},
	Bdsk-Url-1 = {http://dx.doi.org/10.1007/978-3-642-15294-8_20}}

@proceedings{DBLP:conf/mlg/2007,
	Bibsource = {DBLP, http://dblp.uni-trier.de},
	Booktitle = {MLG},
	Date-Added = {2013-03-04 10:52:33 -0500},
	Date-Modified = {2013-03-04 10:52:33 -0500},
	Editor = {Frasconi, Paolo and Kersting, Kristian and Tsuda, Koji},
	Title = {Mining and Learning with Graphs, MLG 2007, Firence, Italy, August 1-3, 2007, Proceedings},
	Year = {2007}}

@proceedings{DBLP:conf/sdm/2009,
	Bibsource = {DBLP, http://dblp.uni-trier.de},
	Booktitle = {SDM},
	Date-Added = {2013-03-04 10:52:33 -0500},
	Date-Modified = {2013-03-04 10:52:33 -0500},
	Publisher = {SIAM},
	Title = {Proceedings of the SIAM International Conference on Data Mining, SDM 2009, April 30 - May 2, 2009, Sparks, Nevada, USA},
	Year = {2009}}
