%% This BibTeX bibliography file was created using BibDesk.
%% http://bibdesk.sourceforge.net/


%% Created for Matteo Riondato at 2014-03-14 10:25:56 -0400 


%% Saved with string encoding Unicode (UTF-8) 
@inproceedings{ZahariaCFSS13,
 author = {Zaharia, Matei and Chowdhury, Mosharaf and Franklin, Michael J. and Shenker, Scott and Stoica, Ion},
 title = {Spark: Cluster Computing with Working Sets},
 booktitle = {Proceedings of the 2Nd USENIX Conference on Hot Topics in Cloud Computing},
 series = {HotCloud'10},
 year = {2010},
 location = {Boston, MA},
 pages = {10--10},
 numpages = {1},
 acmid = {1863113},
 publisher = {USENIX Association},
 address = {Berkeley, CA, USA},
} 

@inproceedings{DFMorales13,
  author    = {De Francisci Morales, Gianmarco},
  title     = {SAMOA: a platform for mining big data streams},
  booktitle = {WWW (Companion Volume)},
  year      = {2013},
  pages     = {777--778},
  ee        = {http://dl.acm.org/citation.cfm?id=2488042},
  crossref  = {DBLP:conf/www/2013c},
  bibsource = {DBLP, http://dblp.uni-trier.de}
}

@proceedings{DBLP:conf/www/2013c,
  editor    = {Leslie Carr and
               Alberto H. F. Laender and
               Bernadette Farias L{\'o}scio and
               Irwin King and
               Marcus Fontoura and
               Denny Vrandecic and
               Lora Aroyo and
               Jos{\'e} Palazzo M. de Oliveira and
               Fernanda Lima and
               Erik Wilde},
  title     = {22nd International World Wide Web Conference, WWW '13, Rio
               de Janeiro, Brazil, May 13-17, 2013, Companion Volume},
  booktitle = {WWW (Companion Volume)},
  publisher = {International World Wide Web Conferences Steering Committee
               / ACM},
  year      = {2013},
  isbn      = {978-1-4503-2038-2},
  ee        = {http://dl.acm.org/citation.cfm?id=2487788},
  bibsource = {DBLP, http://dblp.uni-trier.de}
}
  


@article{Lammel08,
	Author = {L\"{a}mmel, Ralf},
	Date-Added = {2011-12-23 09:00:22 +0100},
	Date-Modified = {2011-12-23 09:00:22 +0100},
	Doi = {DOI: 10.1016/j.scico.2007.07.001},
	Issn = {0167-6423},
	Journal = {Science of Computer Programming},
	Keywords = {Haskell},
	Number = {1},
	Pages = {1 - 30},
	Title = {Google's MapReduce programming model -- Revisited},
	Url = {http://www.sciencedirect.com/science/article/pii/S0167642307001281},
	Volume = {70},
	Year = {2008},
	Bdsk-Url-1 = {http://www.sciencedirect.com/science/article/pii/S0167642307001281},
	Bdsk-Url-2 = {http://dx.doi.org/10.1016/j.scico.2007.07.001}}

@article{GoodrichSZ11,
	Author = {Goodrich, Michael T. and Sitchinava, Nodari and Zhang, Qin},
	Bibsource = {DBLP, http://dblp.uni-trier.de},
	Date-Added = {2011-12-23 09:00:09 +0100},
	Date-Modified = {2012-01-06 18:12:31 +0100},
	Ee = {http://arxiv.org/abs/1101.1902},
	Journal = {CoRR},
	Title = {Sorting, Searching, and Simulation in the {MapReduce} Framework},
	Volume = {abs/1101.1902},
	Year = {2011}}

@article{FeldmanMSSS10,
	Acmid = {1824786},
	Address = {New York, NY, USA},
	Articleno = {66},
	Author = {Feldman, Jon and Muthukrishnan, S. and Sidiropoulos, Anastasios and Stein, Cliff and Svitkina, Zoya},
	Date-Added = {2011-12-23 09:00:01 +0100},
	Date-Modified = {2012-01-06 18:10:08 +0100},
	Doi = {http://doi.acm.org/10.1145/1824777.1824786},
	Issn = {1549-6325},
	Issue = {4},
	Journal = {ACM Transactions on Algorithms},
	Keywords = {Streaming, distributed, distributed computations, mapreduce, symmetric},
	Month = {September},
	Numpages = {19},
	Pages = {66:1--66:19},
	Publisher = {ACM},
	Title = {On distributing symmetric streaming computations},
	Url = {http://doi.acm.org/10.1145/1824777.1824786},
	Volume = {6},
	Year = {2010},
	Bdsk-Url-1 = {http://doi.acm.org/10.1145/1824777.1824786}}

@incollection{ZhaoMH09,
	Affiliation = {Chinese Academy of Sciences The Key Laboratory of Intelligent Information Processing, Institute of Computing Technology},
	Author = {Zhao, Weizhong and Ma, Huifang and He, Qing},
	Booktitle = {Cloud Computing},
	Date-Added = {2011-12-23 08:59:44 +0100},
	Date-Modified = {2012-01-06 18:02:46 +0100},
	Editor = {Jaatun, Martin and Zhao, Gansen and Rong, Chunming},
	Isbn = {978-3-642-10664-4},
	Keyword = {Computer Science},
	Pages = {674-679},
	Publisher = {Springer Berlin / Heidelberg},
	Series = {Lecture Notes in Computer Science},
	Title = {Parallel K-Means Clustering Based on {MapReduce}},
	Url = {http://dx.doi.org/10.1007/978-3-642-10665-1_71},
	Volume = {5931},
	Year = {2009},
	Bdsk-Url-1 = {http://dx.doi.org/10.1007/978-3-642-10665-1_71}}

@inproceedings{SuriV11,
	Acmid = {1963491},
	Address = {New York, NY, USA},
	Author = {Suri, Siddharth and Vassilvitskii, Sergei},
	Booktitle = {Proceedings of the 20th international conference on World wide web},
	Date-Added = {2011-12-23 08:59:40 +0100},
	Date-Modified = {2011-12-23 08:59:40 +0100},
	Doi = {http://doi.acm.org/10.1145/1963405.1963491},
	Isbn = {978-1-4503-0632-4},
	Keywords = {clustering coefficient, mapreduce},
	Location = {Hyderabad, India},
	Numpages = {8},
	Pages = {607--614},
	Publisher = {ACM},
	Series = {WWW '11},
	Title = {Counting triangles and the curse of the last reducer},
	Url = {http://doi.acm.org/10.1145/1963405.1963491},
	Year = {2011},
	Bdsk-Url-1 = {http://doi.acm.org/10.1145/1963405.1963491}}

@inproceedings{LinS10,
	Acmid = {1830263},
	Address = {New York, NY, USA},
	Author = {Lin, Jimmy and Schatz, Michael},
	Booktitle = {Proceedings of the Eighth Workshop on Mining and Learning with Graphs},
	Date-Added = {2011-12-23 08:59:34 +0100},
	Date-Modified = {2013-03-04 22:35:51 -0500},
	Doi = {http://doi.acm.org/10.1145/1830252.1830263},
	Isbn = {978-1-4503-0214-2},
	Location = {Washington, D.C.},
	Numpages = {8},
	Pages = {78--85},
	Publisher = {ACM},
	Series = {MLG '10},
	Title = {Design patterns for efficient graph algorithms in {MapReduce}},
	Url = {http://doi.acm.org/10.1145/1830252.1830263},
	Year = {2010},
	Bdsk-Url-1 = {http://doi.acm.org/10.1145/1830252.1830263}}

@article{Goodrich10,
	Author = {Goodrich, M.T.},
	Date-Added = {2011-12-23 08:59:18 +0100},
	Date-Modified = {2012-01-06 18:01:58 +0100},
	Journal = {CoRR abs/1004.470},
	Title = {Simulating Parallel Algorithms in the {MapReduce} Framework with Applications to Parallel Computational Geometry},
	Year = 2010}

@inproceedings{ChierichettiKT10,
	Acmid = {1772715},
	Address = {New York, NY, USA},
	Author = {Chierichetti, Flavio and Kumar, Ravi and Tomkins, Andrew},
	Booktitle = {Proceedings of the 19th international conference on World wide web},
	Date-Added = {2011-12-23 08:58:51 +0100},
	Date-Modified = {2012-01-06 18:04:26 +0100},
	Doi = {http://doi.acm.org/10.1145/1772690.1772715},
	Isbn = {978-1-60558-799-8},
	Keywords = {greedy algorithm, map-reduce, maximum cover},
	Location = {Raleigh, North Carolina, USA},
	Numpages = {10},
	Pages = {231--240},
	Publisher = {ACM},
	Series = {WWW '10},
	Title = {Max-cover in {Map-Reduce}},
	Url = {http://doi.acm.org/10.1145/1772690.1772715},
	Year = {2010},
	Bdsk-Url-1 = {http://doi.acm.org/10.1145/1772690.1772715}}

@inproceedings{ChuKLYBNO06,
	Author = {Chu, Cheng-Tao and Kim, Sang Kyun and Lin, Yi-An and Yu, YuanYuan and Bradski, Gary R. and Ng, Andrew Y. and Olukotun, Kunle},
	Bibsource = {DBLP, http://dblp.uni-trier.de},
	Booktitle = {Advances in Neural Information Processing Systems 19, Proceedings of the Twentieth Annual Conference on Neural Information Processing Systems, Vancouver, British Columbia, Canada, December 4-7, 2006},
	Date-Added = {2011-12-23 08:58:41 +0100},
	Date-Modified = {2012-01-06 18:00:18 +0100},
	Editor = {Sch{\"o}lkopf, Bernhard and Platt, John C. and Hoffman, Thomas},
	Ee = {http://books.nips.cc/papers/files/nips19/NIPS2006_0725.pdf},
	Pages = {281-288},
	Publisher = {MIT Press},
	Title = {{Map-Reduce} for Machine Learning on Multicore},
	Year = {2007}}

@article{DeanG08,
	Author = {Dean, J. and Ghemawat, S.},
	Date-Added = {2011-12-23 08:58:28 +0100},
	Date-Modified = {2012-01-06 18:01:23 +0100},
	Journal = {Communications of the ACM},
	Number = 1,
	Pages = {107--113},
	Title = {{MapReduce}: Simplified Data Processing on Large Clusters},
	Volume = 51,
	Year = 2008}

@inproceedings{KarloffSV10,
	Author = {Karloff, H.J. and Suri, S. and Vassilvitskii, S.},
	Booktitle = {Proc. of the 21st SODA},
	Date-Added = {2011-12-23 08:58:07 +0100},
	Date-Modified = {2012-01-06 18:02:23 +0100},
	Pages = {938--948},
	Title = {A Model of Computation for {MapReduce}},
	Year = 2010}
