%% This BibTeX bibliography file was created using BibDesk.
%% http://bibdesk.sourceforge.net/


%% Created for Matteo Riondato at 2013-02-09 16:49:33 -0500 


%% Saved with string encoding Unicode (UTF-8) 



@article{Hirsch05,
	Author = {Hirsch, Jorge E.},
	Date-Added = {2013-02-09 16:47:46 -0500},
	Date-Modified = {2013-02-09 16:49:28 -0500},
	Journal = {Proceedings of the National Academy of Sciences of the United States of America},
	Number = {46},
	Pages = {16569--16572},
	Title = {An index to quantify an individual's scientific research output},
	Volume = {102},
	Year = {2005}}

@book{MitzenmacherU05,
	Author = {Mitzenmacher, Michael and Upfal, Eli},
	Date-Added = {2013-02-09 16:45:16 -0500},
	Date-Modified = {2013-02-09 16:46:31 -0500},
	Publisher = {Cambridge University Press},
	Title = {Probability and Computing: Randomized Algorithms and Probabilistic Analysis},
	Year = {2005}}
