%% This BibTeX bibliography file was created using BibDesk.
%% http://bibdesk.sourceforge.net/


%% Created for Matteo Riondato at 2013-03-03 18:27:15 -0500 


%% Saved with string encoding Unicode (UTF-8) 



@techreport{Haas96,
	Author = {Haas, Peter J.},
	Date-Added = {2011-08-10 20:41:10 -0400},
	Date-Modified = {2011-08-10 20:42:06 -0400},
	Institution = {IBM Almaden Research},
	Number = {RJ 10040},
	Title = {Hoeffding Inequalities for Join-Selectivity Estimation and Online Aggregation},
	Year = {1996}}

@phdthesis{Olken93,
	Author = {Olken, Frank},
	Bibsource = {DBLP, http://dblp.uni-trier.de},
	Date-Added = {2011-08-10 20:40:21 -0400},
	Date-Modified = {2011-08-11 00:58:21 -0400},
	Number = {LBL-32883},
	Publisher = {LBL Technical Report},
	School = {University of California, Berkeley},
	Title = {Random Sampling from Databases},
	Year = {1993}}

@article{HouOD91,
	Acmid = {115837},
	Address = {New York, NY, USA},
	Author = {Hou, Wen-Chi and Ozsoyoglu, Gultekin and Dogdu, Erdogan},
	Date-Added = {2011-08-10 20:39:24 -0400},
	Date-Modified = {2011-08-11 00:51:21 -0400},
	Doi = {http://doi.acm.org/10.1145/119995.115837},
	Issn = {0163-5808},
	Issue = {2},
	Journal = {SIGMOD Rec.},
	Month = {April},
	Numpages = {10},
	Pages = {278--287},
	Publisher = {ACM},
	Title = {Error-constrained COUNT query evaluation in relational databases},
	Url = {http://doi.acm.org/10.1145/119995.115837},
	Volume = {20},
	Year = {1991},
	Bdsk-Url-1 = {http://doi.acm.org/10.1145/119995.115837}}

@proceedings{DBLP:conf/iis/2004,
	Bibsource = {DBLP, http://dblp.uni-trier.de},
	Booktitle = {Intelligent Information Systems},
	Date-Added = {2011-08-10 20:37:51 -0400},
	Date-Modified = {2011-08-10 20:37:51 -0400},
	Editor = {Klopotek, Mieczyslaw A. and Wierzchon, Slawomir T. and Trojanowski, Krzysztof},
	Isbn = {3-540-21331-7},
	Publisher = {Springer},
	Series = {Advances in Soft Computing},
	Title = {Intelligent Information Processing and Web Mining, Proceedings of the International IIS: IIPWM'04 Conference held in Zakopane, Poland, May 17-20, 2004},
	Year = {2004}}

@inproceedings{GryzL04,
	Address = {Berlin Heidelberg, Germany},
	Author = {Gryz, Jarek and Liang, Dongming},
	Bibsource = {DBLP, http://dblp.uni-trier.de},
	Booktitle = {Intelligent Information Processing and Web Mining, Proceedings of the International IIS: IIPWM'04 Conference held in Zakopane, Poland, May 17-20, 2004},
	Date-Added = {2011-08-10 20:37:51 -0400},
	Date-Modified = {2011-08-11 13:58:39 -0400},
	Editor = {Klopotek, Mieczyslaw A. and Wierzchon, Slawomir T. and Trojanowski, Krzysztof},
	Pages = {29-38},
	Publisher = {Springer-Verlag},
	Series = {Advances in Soft Computing},
	Title = {Query Selectivity Estimation via Data Mining},
	Year = {2004}}

@book{DBLP:reference/dataware/2009,
	Bibsource = {DBLP, http://dblp.uni-trier.de},
	Booktitle = {Encyclopedia of Data Warehousing and Mining},
	Date-Added = {2011-08-10 20:36:34 -0400},
	Date-Modified = {2011-08-10 20:36:34 -0400},
	Editor = {Wang, John},
	Ee = {http://dx.doi.org/10.4018/978-1-60566-010-3},
	Isbn = {9781605660103},
	Publisher = {IGI Global},
	Title = {Encyclopedia of Data Warehousing and Mining, Second Edition (4 Volumes)},
	Year = {2009}}

@incollection{Das09,
	Address = {Hershey, PA, USA},
	Author = {Das, Gautam},
	Bibsource = {DBLP, http://dblp.uni-trier.de},
	Booktitle = {Encyclopedia of Data Warehousing and Mining},
	Date-Added = {2011-08-10 20:36:34 -0400},
	Date-Modified = {2011-08-11 13:59:38 -0400},
	Edition = {2nd},
	Editor = {Wang, John},
	Ee = {http://www.igi-global.com/Bookstore/Chapter.aspx?TitleId=11047},
	Pages = {1702-1707},
	Publisher = {IGI Global},
	Title = {Sampling Methods in Approximate Query Answering Systems},
	Year = {2009}}

@article{WuAE01,
	Acmid = {375724},
	Address = {New York, NY, USA},
	Author = {Wu, Yi-Leh and Agrawal, Divyakant and El Abbadi, Amr},
	Date-Added = {2011-08-10 20:34:51 -0400},
	Date-Modified = {2011-08-11 01:02:51 -0400},
	Doi = {http://doi.acm.org/10.1145/376284.375724},
	Issn = {0163-5808},
	Issue = {2},
	Journal = {SIGMOD Rec.},
	Keywords = {cumulative frequency distribution, query estimation, random sampling, range query},
	Month = {May},
	Numpages = {12},
	Pages = {449--460},
	Publisher = {ACM},
	Title = {Applying the golden rule of sampling for query estimation},
	Url = {http://doi.acm.org/10.1145/376284.375724},
	Volume = {30},
	Year = {2001},
	Bdsk-Url-1 = {http://doi.acm.org/10.1145/376284.375724}}

@inproceedings{WangVI97,
	Acmid = {653296},
	Address = {Washington, DC, USA},
	Author = {Wang, Min and Vitter, Jeffrey Scott and Iyer, Balakrishna R.},
	Booktitle = {Proceedings of the Thirteenth International Conference on Data Engineering},
	Date-Added = {2011-08-10 20:34:39 -0400},
	Date-Modified = {2011-08-11 00:56:49 -0400},
	Isbn = {0-8186-7807-0},
	Numpages = {12},
	Pages = {169--180},
	Publisher = {IEEE Computer Society},
	Series = {ICDE '97},
	Title = {Selectivity Estimation in the Presence of Alphanumeric Correlations},
	Url = {http://portal.acm.org/citation.cfm?id=645482.653296},
	Year = {1997},
	Bdsk-Url-1 = {http://portal.acm.org/citation.cfm?id=645482.653296}}

@inproceedings{WangS03,
	Acmid = {961374},
	Address = {Boston, MA, USA},
	Author = {Wang, Hai and Sevcik, Kenneth C.},
	Booktitle = {Proceedings of the 2003 conference of the Centre for Advanced Studies on Collaborative research},
	Date-Added = {2011-08-10 20:34:24 -0400},
	Date-Modified = {2011-08-11 13:58:13 -0400},
	Location = {Toronto, Ontario, Canada},
	Numpages = {15},
	Pages = {328--342},
	Publisher = {IBM Press},
	Series = {CASCON '03},
	Title = {A multi-dimensional histogram for selectivity estimation and fast approximate query answering},
	Url = {http://portal.acm.org/citation.cfm?id=961322.961374},
	Year = {2003},
	Bdsk-Url-1 = {http://portal.acm.org/citation.cfm?id=961322.961374}}

@inproceedings{SrivastavaHMKT,
	Acmid = {1129899},
	Address = {Washington, DC, USA},
	Author = {Srivastava, U. and Haas, Peter J. and Markl, V. and Kutsch, M. and Tran, T. M.},
	Booktitle = {Proceedings of the 22nd International Conference on Data Engineering},
	Date-Added = {2011-08-10 20:33:56 -0400},
	Date-Modified = {2011-08-11 00:56:30 -0400},
	Doi = {http://dx.doi.org/10.1109/ICDE.2006.84},
	Isbn = {0-7695-2570-9},
	Pages = {39--},
	Publisher = {IEEE Computer Society},
	Series = {ICDE '06},
	Title = {{ISOMER}: Consistent Histogram Construction Using Query Feedback},
	Url = {http://dx.doi.org/10.1109/ICDE.2006.84},
	Year = {2006},
	Bdsk-Url-1 = {http://dx.doi.org/10.1109/ICDE.2006.84}}

@inproceedings{ReS10,
	Acmid = {1807095},
	Address = {New York, NY, USA},
	Author = {R\'{e}, Christopher and Suciu, Dan},
	Booktitle = {Proceedings of the twenty-ninth ACM SIGMOD-SIGACT-SIGART symposium on Principles of database systems},
	Date-Added = {2011-08-10 20:33:20 -0400},
	Date-Modified = {2011-08-11 00:55:58 -0400},
	Doi = {http://doi.acm.org/10.1145/1807085.1807095},
	Isbn = {978-1-4503-0033-9},
	Keywords = {cardinality estimation, database theory, distinct value estimation, maximum entropy},
	Location = {Indianapolis, Indiana, USA},
	Numpages = {12},
	Pages = {53--64},
	Publisher = {ACM},
	Series = {PODS '10},
	Title = {Understanding cardinality estimation using entropy maximization},
	Url = {http://doi.acm.org/10.1145/1807085.1807095},
	Year = {2010},
	Bdsk-Url-1 = {http://doi.acm.org/10.1145/1807085.1807095}}

@inproceedings{PoosalaI97,
	Acmid = {673638},
	Address = {San Francisco, CA, USA},
	Author = {Poosala, Viswanath and Ioannidis, Yannis E.},
	Booktitle = {Proceedings of the 23rd International Conference on Very Large Data Bases},
	Date-Added = {2011-08-10 20:33:04 -0400},
	Date-Modified = {2011-08-11 00:55:51 -0400},
	Isbn = {1-55860-470-7},
	Numpages = {10},
	Pages = {486--495},
	Publisher = {Morgan Kaufmann Publishers Inc.},
	Series = {VLDB '97},
	Title = {Selectivity Estimation Without the Attribute Value Independence Assumption},
	Url = {http://portal.acm.org/citation.cfm?id=645923.673638},
	Year = {1997},
	Bdsk-Url-1 = {http://portal.acm.org/citation.cfm?id=645923.673638}}

@inproceedings{PoosalaHIS96,
	Acmid = {233342},
	Address = {New York, NY, USA},
	Author = {Poosala, Viswanath and Haas, Peter J. and Ioannidis, Yannis E. and Shekita, Eugene J.},
	Booktitle = {Proceedings of the 1996 ACM SIGMOD international conference on Management of data},
	Date-Added = {2011-08-10 20:32:44 -0400},
	Date-Modified = {2011-08-11 00:55:45 -0400},
	Doi = {http://doi.acm.org/10.1145/233269.233342},
	Isbn = {0-89791-794-4},
	Location = {Montreal, Quebec, Canada},
	Numpages = {12},
	Pages = {294--305},
	Publisher = {ACM},
	Series = {SIGMOD '96},
	Title = {Improved histograms for selectivity estimation of range predicates},
	Url = {http://doi.acm.org/10.1145/233269.233342},
	Year = {1996},
	Bdsk-Url-1 = {http://doi.acm.org/10.1145/233269.233342}}

@article{NguHS04,
	Acmid = {973203},
	Address = {Hingham, MA, USA},
	Author = {Ngu, A. H. H. and Harangsri, B. and Shepherd, J.},
	Date-Added = {2011-08-10 20:31:22 -0400},
	Date-Modified = {2011-08-11 00:53:31 -0400},
	Doi = {10.1023/B:DAPD.0000018573.35050.25},
	Issn = {0926-8782},
	Issue = {3},
	Journal = {Distrib. Parallel Databases},
	Keywords = {query optimization, query size estimation, sampling},
	Month = {May},
	Numpages = {39},
	Pages = {237--275},
	Publisher = {Kluwer Academic Publishers},
	Title = {Query Size Estimation for Joins Using Systematic Sampling},
	Url = {http://portal.acm.org/citation.cfm?id=973183.973203},
	Volume = {15},
	Year = {2004},
	Bdsk-Url-1 = {http://portal.acm.org/citation.cfm?id=973183.973203},
	Bdsk-Url-2 = {http://dx.doi.org/10.1023/B:DAPD.0000018573.35050.25}}

@inproceedings{MatiasVW98,
	Acmid = {276344},
	Address = {New York, NY, USA},
	Author = {Matias, Yossi and Vitter, Jeffrey Scott and Wang, Min},
	Booktitle = {Proceedings of the 1998 ACM SIGMOD international conference on Management of data},
	Date-Added = {2011-08-10 20:31:04 -0400},
	Date-Modified = {2011-08-11 00:53:19 -0400},
	Doi = {http://doi.acm.org/10.1145/276304.276344},
	Isbn = {0-89791-995-5},
	Location = {Seattle, Washington, United States},
	Numpages = {12},
	Pages = {448--459},
	Publisher = {ACM},
	Series = {SIGMOD '98},
	Title = {Wavelet-based histograms for selectivity estimation},
	Url = {http://doi.acm.org/10.1145/276304.276344},
	Year = {1998},
	Bdsk-Url-1 = {http://doi.acm.org/10.1145/276304.276344}}

@article{MarklHKMST07,
	Acmid = {1176884},
	Address = {New York, NY, USA},
	Author = {Markl, V. and Haas, Peter. J. and Kutsch, M. and Megiddo, N. and Srivastava, U. and Tran, T. M.},
	Date-Added = {2011-08-10 20:30:49 -0400},
	Date-Modified = {2011-08-11 15:32:20 -0400},
	Doi = {http://dx.doi.org/10.1007/s00778-006-0030-1},
	Issn = {1066-8888},
	Issue = {1},
	Journal = {The VLDB Journal},
	Month = {January},
	Numpages = {22},
	Pages = {55--76},
	Publisher = {Springer-Verlag},
	Title = {Consistent selectivity estimation via maximum entropy},
	Url = {http://dx.doi.org/10.1007/s00778-006-0030-1},
	Volume = {16},
	Year = {2007},
	Bdsk-Url-1 = {http://dx.doi.org/10.1007/s00778-006-0030-1}}

@article{LiptonNS90,
	Acmid = {93611},
	Address = {New York, NY, USA},
	Author = {Lipton, Richard J. and Naughton, Jeffrey F. and Schneider, Donovan A.},
	Date-Added = {2011-08-10 20:30:33 -0400},
	Date-Modified = {2011-08-11 00:52:36 -0400},
	Doi = {http://doi.acm.org/10.1145/93605.93611},
	Issn = {0163-5808},
	Issue = {2},
	Journal = {SIGMOD Rec.},
	Month = {May},
	Numpages = {11},
	Pages = {1--11},
	Publisher = {ACM},
	Title = {Practical selectivity estimation through adaptive sampling},
	Url = {http://doi.acm.org/10.1145/93605.93611},
	Volume = {19},
	Year = {1990},
	Bdsk-Url-1 = {http://doi.acm.org/10.1145/93605.93611}}

@inproceedings{LiptonN90,
	Acmid = {298540},
	Address = {New York, NY, USA},
	Author = {Lipton, Richard J. and Naughton, Jeffrey F.},
	Booktitle = {Proceedings of the ninth ACM SIGACT-SIGMOD-SIGART symposium on Principles of database systems},
	Date-Added = {2011-08-10 20:30:13 -0400},
	Date-Modified = {2011-08-11 00:52:40 -0400},
	Doi = {http://doi.acm.org/10.1145/298514.298540},
	Isbn = {0-89791-352-3},
	Location = {Nashville, Tennessee, United States},
	Numpages = {7},
	Pages = {40--46},
	Publisher = {ACM},
	Series = {PODS '90},
	Title = {Query size estimation by adaptive sampling (extended abstract)},
	Url = {http://doi.acm.org/10.1145/298514.298540},
	Year = {1990},
	Bdsk-Url-1 = {http://doi.acm.org/10.1145/298514.298540}}

@article{LiptonN95,
	Acmid = {211053},
	Address = {Orlando, FL, USA},
	Author = {Lipton, Richard J. and Naughton, Jeffrey F.},
	Date-Added = {2011-08-10 20:29:41 -0400},
	Date-Modified = {2011-08-11 00:52:46 -0400},
	Doi = {10.1006/jcss.1995.1050},
	Issn = {0022-0000},
	Issue = {1},
	Journal = {J. Comput. Syst. Sci.},
	Month = {August},
	Numpages = {8},
	Pages = {18--25},
	Publisher = {Academic Press, Inc.},
	Title = {Query size estimation by adaptive sampling},
	Url = {http://portal.acm.org/citation.cfm?id=211046.211053},
	Volume = {51},
	Year = {1995},
	Bdsk-Url-1 = {http://portal.acm.org/citation.cfm?id=211046.211053},
	Bdsk-Url-2 = {http://dx.doi.org/10.1006/jcss.1995.1050}}

@inproceedings{LarsonLZZ07,
	Acmid = {1247502},
	Address = {New York, NY, USA},
	Author = {Larson, Per-Ake and Lehner, Wolfgang and Zhou, Jingren and Zabback, Peter},
	Booktitle = {Proceedings of the 2007 ACM SIGMOD international conference on Management of data},
	Date-Added = {2011-08-10 20:28:37 -0400},
	Date-Modified = {2011-08-11 00:52:29 -0400},
	Doi = {http://doi.acm.org/10.1145/1247480.1247502},
	Isbn = {978-1-59593-686-8},
	Keywords = {cardinality estimation, query optimization, sample views, sequential sampling, statistical quality control},
	Location = {Beijing, China},
	Numpages = {12},
	Pages = {175--186},
	Publisher = {ACM},
	Series = {SIGMOD '07},
	Title = {Cardinality estimation using sample views with quality assurance},
	Url = {http://doi.acm.org/10.1145/1247480.1247502},
	Year = {2007},
	Bdsk-Url-1 = {http://doi.acm.org/10.1145/1247480.1247502}}

@article{KaushikNRC05,
	Acmid = {1114251},
	Address = {New York, NY, USA},
	Author = {Kaushik, Raghav and Naughton, Jeffrey F. and Ramakrishnan, Raghu and Chakravarthy, Venkatesan T.},
	Date-Added = {2011-08-10 20:28:21 -0400},
	Date-Modified = {2011-08-11 00:52:17 -0400},
	Doi = {http://doi.acm.org/10.1145/1114244.1114251},
	Issn = {0362-5915},
	Issue = {4},
	Journal = {ACM Trans. Database Syst.},
	Keywords = {Cardinality estimation, histograms, sampling},
	Month = {December},
	Numpages = {26},
	Pages = {1102--1127},
	Publisher = {ACM},
	Title = {Synopses for query optimization: A space-complexity perspective},
	Url = {http://doi.acm.org/10.1145/1114244.1114251},
	Volume = {30},
	Year = {2005},
	Bdsk-Url-1 = {http://doi.acm.org/10.1145/1114244.1114251}}

@inproceedings{JoshiJ08,
	Acmid = {1547159},
	Address = {Washington, DC, USA},
	Author = {Joshi, Shantanu and Jermaine, Christopher},
	Booktitle = {Proceedings of the 2008 IEEE 24th International Conference on Data Engineering},
	Date-Added = {2011-08-10 20:28:07 -0400},
	Date-Modified = {2011-08-11 00:52:07 -0400},
	Doi = {10.1109/ICDE.2008.4497428},
	Isbn = {978-1-4244-1836-7},
	Numpages = {10},
	Pages = {199--208},
	Publisher = {IEEE Computer Society},
	Title = {Robust Stratified Sampling Plans for Low Selectivity Queries},
	Url = {http://portal.acm.org/citation.cfm?id=1546682.1547159},
	Year = {2008},
	Bdsk-Url-1 = {http://portal.acm.org/citation.cfm?id=1546682.1547159},
	Bdsk-Url-2 = {http://dx.doi.org/10.1109/ICDE.2008.4497428}}

@inproceedings{JinGJA06,
	Acmid = {1129878},
	Address = {Washington, DC, USA},
	Author = {Jin, Ruoming and Glimcher, Leo and Jermaine, Chris and Agrawal, Gagan},
	Booktitle = {Proceedings of the 22nd International Conference on Data Engineering},
	Date-Added = {2011-08-10 20:27:53 -0400},
	Date-Modified = {2011-08-11 00:52:00 -0400},
	Doi = {http://dx.doi.org/10.1109/ICDE.2006.106},
	Isbn = {0-7695-2570-9},
	Pages = {18--},
	Publisher = {IEEE Computer Society},
	Series = {ICDE '06},
	Title = {New Sampling-Based Estimators for OLAP Queries},
	Url = {http://dx.doi.org/10.1109/ICDE.2006.106},
	Year = {2006},
	Bdsk-Url-1 = {http://dx.doi.org/10.1109/ICDE.2006.106}}

@inproceedings{JermainePA04,
	Acmid = {1007603},
	Address = {New York, NY, USA},
	Author = {Jermaine, Christopher and Pol, Abhijit and Arumugam, Subramanian},
	Booktitle = {Proceedings of the 2004 ACM SIGMOD international conference on Management of data},
	Date-Added = {2011-08-10 20:27:37 -0400},
	Date-Modified = {2011-08-11 00:51:44 -0400},
	Doi = {http://doi.acm.org/10.1145/1007568.1007603},
	Isbn = {1-58113-859-8},
	Location = {Paris, France},
	Numpages = {12},
	Pages = {299--310},
	Publisher = {ACM},
	Series = {SIGMOD '04},
	Title = {Online maintenance of very large random samples},
	Url = {http://doi.acm.org/10.1145/1007568.1007603},
	Year = {2004},
	Bdsk-Url-1 = {http://doi.acm.org/10.1145/1007568.1007603}}

@inproceedings{JagadishKMPSS98,
	Acmid = {671191},
	Address = {San Francisco, CA, USA},
	Author = {Jagadish, H. V. and Koudas, Nick and Muthukrishnan, S. and Poosala, Viswanath and Sevcik, Kenneth C. and Suel, Torsten},
	Booktitle = {Proceedings of the 24rd International Conference on Very Large Data Bases},
	Date-Added = {2011-08-10 20:27:06 -0400},
	Date-Modified = {2011-08-11 01:07:25 -0400},
	Isbn = {1-55860-566-5},
	Numpages = {12},
	Pages = {275--286},
	Publisher = {Morgan Kaufmann Publishers Inc.},
	Series = {VLDB '98},
	Title = {Optimal Histograms with Quality Guarantees},
	Url = {http://portal.acm.org/citation.cfm?id=645924.671191},
	Year = {1998},
	Bdsk-Url-1 = {http://portal.acm.org/citation.cfm?id=645924.671191}}

@inproceedings{IoannidisP95,
	Acmid = {223841},
	Address = {New York, NY, USA},
	Author = {Ioannidis, Yannis E. and Poosala, Viswanath},
	Booktitle = {Proceedings of the 1995 ACM SIGMOD international conference on Management of data},
	Date-Added = {2011-08-10 20:26:52 -0400},
	Date-Modified = {2011-08-11 00:51:26 -0400},
	Doi = {http://doi.acm.org/10.1145/223784.223841},
	Isbn = {0-89791-731-6},
	Location = {San Jose, California, United States},
	Numpages = {12},
	Pages = {233--244},
	Publisher = {ACM},
	Series = {SIGMOD '95},
	Title = {Balancing histogram optimality and practicality for query result size estimation},
	Url = {http://doi.acm.org/10.1145/223784.223841},
	Year = {1995},
	Bdsk-Url-1 = {http://doi.acm.org/10.1145/223784.223841}}

@inproceedings{HouOT88,
	Acmid = {308455},
	Address = {New York, NY, USA},
	Author = {Hou, Wen-Chi and Ozsoyoglu, Gultekin and Taneja, Baldeo K.},
	Booktitle = {Proceedings of the seventh ACM SIGACT-SIGMOD-SIGART symposium on Principles of database systems},
	Date-Added = {2011-08-10 20:26:37 -0400},
	Date-Modified = {2011-08-11 00:51:16 -0400},
	Doi = {http://doi.acm.org/10.1145/308386.308455},
	Isbn = {0-89791-263-2},
	Location = {Austin, Texas, United States},
	Numpages = {12},
	Pages = {276--287},
	Publisher = {ACM},
	Series = {PODS '88},
	Title = {Statistical estimators for relational algebra expressions},
	Url = {http://doi.acm.org/10.1145/308386.308455},
	Year = {1988},
	Bdsk-Url-1 = {http://doi.acm.org/10.1145/308386.308455}}

@inproceedings{HarangsriNS97,
	Acmid = {703171},
	Address = {Hackensack, NJ, USA},
	Author = {Harangsri, Banchong and Shepherd, John and Ngu, Anne H. H.},
	Booktitle = {Proceedings of the Fifth International Conference on Database Systems for Advanced Applications (DASFAA)},
	Date-Added = {2011-08-10 20:25:20 -0400},
	Date-Modified = {2011-08-11 13:55:19 -0400},
	Isbn = {981-02-3107-5},
	Numpages = {10},
	Pages = {97--106},
	Publisher = {World Scientific Press},
	Title = {Query Size Estimation Using Machine Learning},
	Url = {http://portal.acm.org/citation.cfm?id=646711.703171},
	Year = {1997},
	Bdsk-Url-1 = {http://portal.acm.org/citation.cfm?id=646711.703171}}

@inproceedings{HaasS95,
	Acmid = {655440},
	Address = {Washington, DC, USA},
	Author = {Haas, Peter J. and Swami, Arun N.},
	Booktitle = {Proceedings of the Eleventh International Conference on Data Engineering},
	Date-Added = {2011-08-10 20:25:04 -0400},
	Date-Modified = {2011-08-11 00:50:36 -0400},
	Isbn = {0-8186-6910-1},
	Keywords = {augmented frequent value statistics, heterogeneous skew, join attribute value, query processing, relational databases, sampling-based selectivity estimation, sampling-based t-cross procedure, star join},
	Numpages = {10},
	Pages = {522--531},
	Publisher = {IEEE Computer Society},
	Series = {ICDE '95},
	Title = {Sampling-Based Selectivity Estimation for Joins Using Augmented Frequent Value Statistics},
	Url = {http://portal.acm.org/citation.cfm?id=645480.655440},
	Year = {1995},
	Bdsk-Url-1 = {http://portal.acm.org/citation.cfm?id=645480.655440}}

@inproceedings{HaasS92,
	Acmid = {130335},
	Address = {New York, NY, USA},
	Author = {Haas, Peter J. and Swami, Arun N.},
	Booktitle = {Proceedings of the 1992 ACM SIGMOD international conference on Management of data},
	Date-Added = {2011-08-10 20:24:48 -0400},
	Date-Modified = {2011-08-11 00:50:13 -0400},
	Doi = {http://doi.acm.org/10.1145/130283.130335},
	Isbn = {0-89791-521-6},
	Location = {San Diego, California, United States},
	Numpages = {10},
	Pages = {341--350},
	Publisher = {ACM},
	Series = {SIGMOD '92},
	Title = {Sequential sampling procedures for query size estimation},
	Url = {http://doi.acm.org/10.1145/130283.130335},
	Year = {1992},
	Bdsk-Url-1 = {http://doi.acm.org/10.1145/130283.130335}}

@article{HaasNSS96,
	Acmid = {233514},
	Address = {Orlando, FL, USA},
	Author = {Haas, Peter J. and Naughton, Jeffrey F. and Seshadri, S. and Swami, Arun N.},
	Date-Added = {2011-08-10 20:24:29 -0400},
	Date-Modified = {2011-08-11 00:50:44 -0400},
	Doi = {http://dx.doi.org/10.1006/jcss.1996.0041},
	Issn = {0022-0000},
	Issue = {3},
	Journal = {J. Comput. Syst. Sci.},
	Month = {June},
	Numpages = {20},
	Pages = {550--569},
	Publisher = {Academic Press, Inc.},
	Title = {Selectivity and cost estimation for joins based on random sampling},
	Url = {http://dx.doi.org/10.1006/jcss.1996.0041},
	Volume = {52},
	Year = {1996},
	Bdsk-Url-1 = {http://dx.doi.org/10.1006/jcss.1996.0041}}

@inproceedings{HaasNS94,
	Acmid = {182594},
	Address = {New York, NY, USA},
	Author = {Haas, Peter J. and Naughton, Jeffrey F. and Swami, Arun N.},
	Booktitle = {Proceedings of the thirteenth ACM SIGACT-SIGMOD-SIGART symposium on Principles of database systems},
	Date-Added = {2011-08-10 20:24:10 -0400},
	Date-Modified = {2011-08-11 00:50:30 -0400},
	Doi = {http://doi.acm.org/10.1145/182591.182594},
	Isbn = {0-89791-642-5},
	Location = {Minneapolis, Minnesota, United States},
	Numpages = {11},
	Pages = {14--24},
	Publisher = {ACM},
	Series = {PODS '94},
	Title = {On the relative cost of sampling for join selectivity estimation},
	Url = {http://doi.acm.org/10.1145/182591.182594},
	Year = {1994},
	Bdsk-Url-1 = {http://doi.acm.org/10.1145/182591.182594}}

@inproceedings{HaasNSS93,
	Acmid = {153875},
	Address = {New York, NY, USA},
	Author = {Haas, Peter J. and Naughton, Jeffrey F. and Seshadri, S. and Swami, Arun N.},
	Booktitle = {Proceedings of the twelfth ACM SIGACT-SIGMOD-SIGART symposium on Principles of database systems},
	Date-Added = {2011-08-10 20:23:54 -0400},
	Date-Modified = {2011-08-11 00:50:20 -0400},
	Doi = {http://doi.acm.org/10.1145/153850.153875},
	Isbn = {0-89791-593-3},
	Location = {Washington, D.C., United States},
	Numpages = {12},
	Pages = {190--201},
	Publisher = {ACM},
	Series = {PODS '93},
	Title = {Fixed-precision estimation of join selectivity},
	Url = {http://doi.acm.org/10.1145/153850.153875},
	Year = {1993},
	Bdsk-Url-1 = {http://doi.acm.org/10.1145/153850.153875}}

@inproceedings{HaasK04,
	Acmid = {1007601},
	Address = {New York, NY, USA},
	Author = {Haas, Peter J. and K\"{o}nig, Christian},
	Booktitle = {Proceedings of the 2004 ACM SIGMOD international conference on Management of data},
	Date-Added = {2011-08-10 20:23:39 -0400},
	Date-Modified = {2011-08-11 00:50:59 -0400},
	Doi = {http://doi.acm.org/10.1145/1007568.1007601},
	Isbn = {1-58113-859-8},
	Location = {Paris, France},
	Numpages = {12},
	Pages = {275--286},
	Publisher = {ACM},
	Series = {SIGMOD '04},
	Title = {A bi-level Bernoulli scheme for database sampling},
	Url = {http://doi.acm.org/10.1145/1007568.1007601},
	Year = {2004},
	Bdsk-Url-1 = {http://doi.acm.org/10.1145/1007568.1007601}}

@article{GibbonsM98,
	Acmid = {276334},
	Address = {New York, NY, USA},
	Author = {Gibbons, Phillip B. and Matias, Yossi},
	Date-Added = {2011-08-10 20:22:04 -0400},
	Date-Modified = {2011-08-10 20:48:41 -0400},
	Doi = {http://doi.acm.org/10.1145/276305.276334},
	Issn = {0163-5808},
	Issue = {2},
	Journal = {SIGMOD Rec.},
	Month = {June},
	Numpages = {12},
	Pages = {331--342},
	Publisher = {ACM},
	Title = {New sampling-based summary statistics for improving approximate query answers},
	Url = {http://doi.acm.org/10.1145/276305.276334},
	Volume = {27},
	Year = {1998},
	Bdsk-Url-1 = {http://doi.acm.org/10.1145/276305.276334}}

@article{GetoorTK01,
	Acmid = {375727},
	Address = {New York, NY, USA},
	Author = {Getoor, Lise and Taskar, Benjamin and Koller, Daphne},
	Date-Added = {2011-08-10 20:21:48 -0400},
	Date-Modified = {2011-08-10 20:48:35 -0400},
	Doi = {http://doi.acm.org/10.1145/376284.375727},
	Issn = {0163-5808},
	Issue = {2},
	Journal = {SIGMOD Rec.},
	Month = {May},
	Numpages = {12},
	Pages = {461--472},
	Publisher = {ACM},
	Title = {Selectivity estimation using probabilistic models},
	Url = {http://doi.acm.org/10.1145/376284.375727},
	Volume = {30},
	Year = {2001},
	Bdsk-Url-1 = {http://doi.acm.org/10.1145/376284.375727}}

@inproceedings{GemullaLH07,
	Acmid = {1265544},
	Address = {New York, NY, USA},
	Author = {Gemulla, Rainer and Lehner, Wolfgang and Haas, Peter J.},
	Booktitle = {Proceedings of the twenty-sixth ACM SIGMOD-SIGACT-SIGART symposium on Principles of database systems},
	Date-Added = {2011-08-10 20:21:33 -0400},
	Date-Modified = {2011-08-10 20:48:29 -0400},
	Doi = {http://doi.acm.org/10.1145/1265530.1265544},
	Isbn = {978-1-59593-685-1},
	Keywords = {Bernoulli multiset sampling, incremental sample maintenance},
	Location = {Beijing, China},
	Numpages = {10},
	Pages = {93--102},
	Publisher = {ACM},
	Series = {PODS '07},
	Title = {Maintaining bernoulli samples over evolving multisets},
	Url = {http://doi.acm.org/10.1145/1265530.1265544},
	Year = {2007},
	Bdsk-Url-1 = {http://doi.acm.org/10.1145/1265530.1265544}}

@inproceedings{GemullaLH06,
	Acmid = {1164179},
	Address = {Almaden, CA, USA},
	Author = {Gemulla, Rainer and Lehner, Wolfgang and Haas, Peter J.},
	Booktitle = {Proceedings of the 32nd international conference on Very large data bases},
	Date-Added = {2011-08-10 20:21:16 -0400},
	Date-Modified = {2011-08-11 13:54:28 -0400},
	Location = {Seoul, Korea},
	Numpages = {12},
	Pages = {595--606},
	Publisher = {VLDB Endowment},
	Series = {VLDB '06},
	Title = {A dip in the reservoir: maintaining sample synopses of evolving datasets},
	Url = {http://portal.acm.org/citation.cfm?id=1182635.1164179},
	Year = {2006},
	Bdsk-Url-1 = {http://portal.acm.org/citation.cfm?id=1182635.1164179}}

@book{GarciaMolinaUW02,
	Address = {Upper Saddle River, NJ, USA},
	Author = {Garcia-Molina, Hector and Ullman, Jeffrey D. and Widom, Jennifer},
	Bibsource = {DBLP, http://dblp.uni-trier.de},
	Date-Added = {2011-08-10 20:20:42 -0400},
	Date-Modified = {2011-08-11 15:29:07 -0400},
	Isbn = {978-0-13-187325-4},
	Pages = {I-XXVI, 1-1203},
	Publisher = {Prentice Hall},
	Title = {Database Systems - The Complete Book},
	Year = {2002}}

@inproceedings{GantiLR00,
	Acmid = {672017},
	Address = {San Francisco, CA, USA},
	Author = {Ganti, Venkatesh and Lee, Mong-Li and Ramakrishnan, Raghu},
	Booktitle = {Proceedings of the 26th International Conference on Very Large Data Bases},
	Date-Added = {2011-08-10 20:18:34 -0400},
	Date-Modified = {2011-08-10 20:47:42 -0400},
	Isbn = {1-55860-715-3},
	Numpages = {12},
	Pages = {176--187},
	Publisher = {Morgan Kaufmann Publishers Inc.},
	Series = {VLDB '00},
	Title = {{ICICLES}: Self-Tuning Samples for Approximate Query Answering},
	Url = {http://portal.acm.org/citation.cfm?id=645926.672017},
	Year = {2000},
	Bdsk-Url-1 = {http://portal.acm.org/citation.cfm?id=645926.672017}}

@article{GangulyGMS96,
	Acmid = {233340},
	Address = {New York, NY, USA},
	Author = {Ganguly, Sumit and Gibbons, Phillip B. and Matias, Yossi and Silberschatz, Avi},
	Date-Added = {2011-08-10 20:17:52 -0400},
	Date-Modified = {2011-08-10 20:47:25 -0400},
	Doi = {http://doi.acm.org/10.1145/235968.233340},
	Issn = {0163-5808},
	Issue = {2},
	Journal = {SIGMOD Rec.},
	Month = {June},
	Numpages = {11},
	Pages = {271--281},
	Publisher = {ACM},
	Title = {Bifocal sampling for skew-resistant join size estimation},
	Url = {http://doi.acm.org/10.1145/235968.233340},
	Volume = {25},
	Year = {1996},
	Bdsk-Url-1 = {http://doi.acm.org/10.1145/235968.233340}}

@inproceedings{EstanN06,
	Acmid = {1129881},
	Address = {Washington, DC, USA},
	Author = {Estan, Cristian and Naughton, Jeffrey F.},
	Booktitle = {Proceedings of the 22nd International Conference on Data Engineering},
	Date-Added = {2011-08-10 20:17:31 -0400},
	Date-Modified = {2011-08-10 20:46:55 -0400},
	Doi = {http://dx.doi.org/10.1109/ICDE.2006.61},
	Isbn = {0-7695-2570-9},
	Pages = {20--},
	Publisher = {IEEE Computer Society},
	Series = {ICDE '06},
	Title = {End-biased Samples for Join Cardinality Estimation},
	Url = {http://dx.doi.org/10.1109/ICDE.2006.61},
	Year = {2006},
	Bdsk-Url-1 = {http://dx.doi.org/10.1109/ICDE.2006.61}}

@inproceedings{Dobra05,
	Acmid = {1065196},
	Address = {New York, NY, USA},
	Author = {Dobra, Alin},
	Booktitle = {Proceedings of the twenty-fourth ACM SIGMOD-SIGACT-SIGART symposium on Principles of database systems},
	Date-Added = {2011-08-10 20:17:15 -0400},
	Date-Modified = {2011-08-10 20:46:46 -0400},
	Doi = {http://doi.acm.org/10.1145/1065167.1065196},
	Isbn = {1-59593-062-0},
	Location = {Baltimore, Maryland},
	Numpages = {10},
	Pages = {228--237},
	Publisher = {ACM},
	Series = {PODS '05},
	Title = {Histograms revisited: when are histograms the best approximation method for aggregates over joins?},
	Url = {http://doi.acm.org/10.1145/1065167.1065196},
	Year = {2005},
	Bdsk-Url-1 = {http://doi.acm.org/10.1145/1065167.1065196}}

@inproceedings{ChenMM90,
	Acmid = {654001},
	Address = {Washington, DC, USA},
	Author = {Chen, Meng Chang and McNamee, Lawrence and Matloff, Norman S.},
	Booktitle = {Proceedings of the Sixth International Conference on Data Engineering},
	Date-Added = {2011-08-10 20:14:05 -0400},
	Date-Modified = {2011-08-10 20:46:14 -0400},
	Isbn = {0-8186-2025-0},
	Numpages = {7},
	Pages = {304--310},
	Publisher = {IEEE Computer Society},
	Title = {Selectivity Estimation Using Homogeneity Measurement},
	Url = {http://portal.acm.org/citation.cfm?id=645475.654001},
	Year = {1990},
	Bdsk-Url-1 = {http://portal.acm.org/citation.cfm?id=645475.654001}}

@inproceedings{ChaudhuriMN99,
	Acmid = {304206},
	Address = {New York, NY, USA},
	Author = {Chaudhuri, Surajit and Motwani, Rajeev and Narasayya, Vivek},
	Booktitle = {Proceedings of the 1999 ACM SIGMOD international conference on Management of data},
	Date-Added = {2011-08-10 20:13:45 -0400},
	Date-Modified = {2011-08-10 20:45:29 -0400},
	Doi = {http://doi.acm.org/10.1145/304182.304206},
	Isbn = {1-58113-084-8},
	Location = {Philadelphia, Pennsylvania, United States},
	Numpages = {12},
	Pages = {263--274},
	Publisher = {ACM},
	Series = {SIGMOD '99},
	Title = {On random sampling over joins},
	Url = {http://doi.acm.org/10.1145/304182.304206},
	Year = {1999},
	Bdsk-Url-1 = {http://doi.acm.org/10.1145/304182.304206}}

@article{ChaudhuriMN98,
	Acmid = {276343},
	Address = {New York, NY, USA},
	Author = {Chaudhuri, Surajit and Motwani, Rajeev and Narasayya, Vivek},
	Date-Added = {2011-08-10 20:13:26 -0400},
	Date-Modified = {2011-08-10 20:45:21 -0400},
	Doi = {http://doi.acm.org/10.1145/276305.276343},
	Issn = {0163-5808},
	Issue = {2},
	Journal = {SIGMOD Rec.},
	Month = {June},
	Numpages = {12},
	Pages = {436--447},
	Publisher = {ACM},
	Title = {Random sampling for histogram construction: how much is enough?},
	Url = {http://doi.acm.org/10.1145/276305.276343},
	Volume = {27},
	Year = {1998},
	Bdsk-Url-1 = {http://doi.acm.org/10.1145/276305.276343}}

@article{ChaudhuriDN07,
	Acmid = {1242526},
	Address = {New York, NY, USA},
	Articleno = {9},
	Author = {Chaudhuri, Surajit and Das, Gautam and Narasayya, Vivek},
	Date-Added = {2011-08-10 20:13:09 -0400},
	Date-Modified = {2011-08-11 13:49:00 -0400},
	Doi = {http://doi.acm.org/10.1145/1242524.1242526},
	Issn = {0362-5915},
	Issue = {2},
	Issue_Date = {June 2007},
	Journal = {ACM Trans. Database Syst.},
	Keywords = {Random sampling, approximation, query processing},
	Month = {June},
	Pages = {50},
	Publisher = {ACM},
	Title = {Optimized stratified sampling for approximate query processing},
	Url = {http://doi.acm.org/10.1145/1242524.1242526},
	Volume = {32},
	Year = {2007},
	Bdsk-Url-1 = {http://doi.acm.org/10.1145/1242524.1242526}}

@article{BrunoCG01,
	Acmid = {375686},
	Address = {New York, NY, USA},
	Author = {Bruno, Nicolas and Chaudhuri, Surajit and Gravano, Luis},
	Date-Added = {2011-08-10 20:12:52 -0400},
	Date-Modified = {2011-08-10 20:44:56 -0400},
	Doi = {http://doi.acm.org/10.1145/376284.375686},
	Issn = {0163-5808},
	Issue = {2},
	Journal = {SIGMOD Rec.},
	Month = {May},
	Numpages = {12},
	Pages = {211--222},
	Publisher = {ACM},
	Title = {{STH}oles: a multidimensional workload-aware histogram},
	Url = {http://doi.acm.org/10.1145/376284.375686},
	Volume = {30},
	Year = {2001},
	Bdsk-Url-1 = {http://doi.acm.org/10.1145/376284.375686}}

@inproceedings{BrunoC04,
	Acmid = {1007604},
	Address = {New York, NY, USA},
	Author = {Bruno, Nicolas and Chaudhuri, Surajit},
	Booktitle = {Proceedings of the 2004 ACM SIGMOD international conference on Management of data},
	Date-Added = {2011-08-10 20:12:35 -0400},
	Date-Modified = {2011-08-10 20:45:08 -0400},
	Doi = {http://doi.acm.org/10.1145/1007568.1007604},
	Isbn = {1-58113-859-8},
	Location = {Paris, France},
	Numpages = {12},
	Pages = {311--322},
	Publisher = {ACM},
	Series = {SIGMOD '04},
	Title = {Conditional selectivity for statistics on query expressions},
	Url = {http://doi.acm.org/10.1145/1007568.1007604},
	Year = {2004},
	Bdsk-Url-1 = {http://doi.acm.org/10.1145/1007568.1007604}}

@inproceedings{BrownH06,
	Acmid = {1129866},
	Address = {Washington, DC, USA},
	Author = {Brown, Paul G. and Haas, Peter J.},
	Booktitle = {Proceedings of the 22nd International Conference on Data Engineering},
	Date-Added = {2011-08-10 20:12:09 -0400},
	Date-Modified = {2011-08-11 15:26:23 -0400},
	Doi = {http://dx.doi.org/10.1109/ICDE.2006.157},
	Isbn = {0-7695-2570-9},
	Pages = {6},
	Publisher = {IEEE Computer Society},
	Series = {ICDE '06},
	Title = {Techniques for Warehousing of Sample Data},
	Url = {http://dx.doi.org/10.1109/ICDE.2006.157},
	Year = {2006},
	Bdsk-Url-1 = {http://dx.doi.org/10.1109/ICDE.2006.157}}

@inproceedings{BabcockCD03,
	Acmid = {872822},
	Address = {New York, NY, USA},
	Author = {Babcock, Brian and Chaudhuri, Surajit and Das, Gautam},
	Booktitle = {Proceedings of the 2003 ACM SIGMOD international conference on Management of data},
	Date-Added = {2011-08-10 20:09:13 -0400},
	Date-Modified = {2011-08-10 20:43:58 -0400},
	Doi = {http://doi.acm.org/10.1145/872757.872822},
	Isbn = {1-58113-634-X},
	Location = {San Diego, California},
	Numpages = {12},
	Pages = {539--550},
	Publisher = {ACM},
	Series = {SIGMOD '03},
	Title = {Dynamic sample selection for approximate query processing},
	Url = {http://doi.acm.org/10.1145/872757.872822},
	Year = {2003},
	Bdsk-Url-1 = {http://doi.acm.org/10.1145/872757.872822}}

@article{AcharyaGPR99,
	Acmid = {304207},
	Address = {New York, NY, USA},
	Author = {Acharya, Swarup and Gibbons, Phillip B. and Poosala, Viswanath and Ramaswamy, Sridhar},
	Date-Added = {2011-08-10 20:04:10 -0400},
	Date-Modified = {2011-08-10 20:08:51 -0400},
	Doi = {http://doi.acm.org/10.1145/304181.304207},
	Issn = {0163-5808},
	Issue = {2},
	Issue_Date = {June 1999},
	Journal = {SIGMOD Rec.},
	Month = {June},
	Numpages = {12},
	Pages = {275--286},
	Publisher = {ACM},
	Title = {Join synopses for approximate query answering},
	Url = {http://doi.acm.org/10.1145/304181.304207},
	Volume = {28},
	Year = {1999},
	Bdsk-Url-1 = {http://doi.acm.org/10.1145/304181.304207}}
